<?xml version="1.0" encoding="UTF-8"?><collection xmlns="http://www.loc.gov/MARC21/slim"><record><leader>00405nam--2200133-i-4500</leader><controlfield tag="001">000040741</controlfield><controlfield tag="002">20161230</controlfield><controlfield tag="005">20161230201042</controlfield><controlfield tag="008">060222s1000------------r-----000-0-eng-d</controlfield><datafield ind1=" " ind2=" " tag="080"><subfield code="a">621.039.003</subfield></datafield><datafield ind1=" " ind2=" " tag="100"><subfield code="a">Schulz,Erich H</subfield></datafield><datafield ind1=" " ind2=" " tag="245"><subfield code="a">Vorkommnisse uns strahlenunfalle in kerntechnischen anlagen. aus 20 jahren intern.erfahrung</subfield></datafield><datafield ind1=" " ind2=" " tag="260"><subfield code="a">Munchen, Verlag Karl Thiemig Kg, 1966. Xii + 416 P</subfield></datafield><datafield ind1=" " ind2=" " tag="852"><subfield code="a">24302</subfield></datafield></record></collection>